%YAML 1.1
%TAG !u! tag:unity3d.com,2011:
--- !u!1 &2720233537554439653
GameObject:
  m_ObjectHideFlags: 0
  m_CorrespondingSourceObject: {fileID: 0}
  m_PrefabInstance: {fileID: 0}
  m_PrefabAsset: {fileID: 0}
  serializedVersion: 6
  m_Component:
  - component: {fileID: 4526205052910056594}
  m_Layer: 11
  m_Name: Socket_Axe_End
  m_TagString: Untagged
  m_Icon: {fileID: 7148428337604731935, guid: 0000000000000000d000000000000000, type: 0}
  m_NavMeshLayer: 0
  m_StaticEditorFlags: 0
  m_IsActive: 1
--- !u!4 &4526205052910056594
Transform:
  m_ObjectHideFlags: 0
  m_CorrespondingSourceObject: {fileID: 0}
  m_PrefabInstance: {fileID: 0}
  m_PrefabAsset: {fileID: 0}
  m_GameObject: {fileID: 2720233537554439653}
  serializedVersion: 2
  m_LocalRotation: {x: 0, y: 0, z: 0, w: 1}
  m_LocalPosition: {x: 0, y: 1.153, z: 0}
  m_LocalScale: {x: 1, y: 1, z: 1}
  m_ConstrainProportionsScale: 0
  m_Children: []
  m_Father: {fileID: 3937119045555959581}
  m_LocalEulerAnglesHint: {x: 0, y: 0, z: 0}
--- !u!1 &3947523915484696642
GameObject:
  m_ObjectHideFlags: 0
  m_CorrespondingSourceObject: {fileID: 0}
  m_PrefabInstance: {fileID: 0}
  m_PrefabAsset: {fileID: 0}
  serializedVersion: 6
  m_Component:
  - component: {fileID: 5412950994176731313}
  m_Layer: 11
  m_Name: WEAPON_SOCKET_UnEquip
  m_TagString: Untagged
  m_Icon: {fileID: 0}
  m_NavMeshLayer: 0
  m_StaticEditorFlags: 0
  m_IsActive: 1
--- !u!4 &5412950994176731313
Transform:
  m_ObjectHideFlags: 0
  m_CorrespondingSourceObject: {fileID: 0}
  m_PrefabInstance: {fileID: 0}
  m_PrefabAsset: {fileID: 0}
  m_GameObject: {fileID: 3947523915484696642}
  serializedVersion: 2
  m_LocalRotation: {x: -0.114626236, y: -0.14582609, z: 0.746989, w: 0.6384379}
  m_LocalPosition: {x: 0.668, y: 0.263, z: 0.2}
  m_LocalScale: {x: 1, y: 1, z: 1}
  m_ConstrainProportionsScale: 0
  m_Children: []
  m_Father: {fileID: 8033418489213756671}
  m_LocalEulerAnglesHint: {x: 4.1, y: -21, z: 98.2}
--- !u!1 &4603623762493074213
GameObject:
  m_ObjectHideFlags: 0
  m_CorrespondingSourceObject: {fileID: 0}
  m_PrefabInstance: {fileID: 0}
  m_PrefabAsset: {fileID: 0}
  serializedVersion: 6
  m_Component:
  - component: {fileID: 3695231423065847699}
  - component: {fileID: 7277995101973555250}
  - component: {fileID: 841708233836240958}
  - component: {fileID: 3000542199463994483}
  - component: {fileID: 8149210672043107497}
  - component: {fileID: -5008291612404942137}
  m_Layer: 11
  m_Name: Object_PlayerCharacter
  m_TagString: Player
  m_Icon: {fileID: 0}
  m_NavMeshLayer: 0
  m_StaticEditorFlags: 0
  m_IsActive: 1
--- !u!4 &3695231423065847699
Transform:
  m_ObjectHideFlags: 0
  m_CorrespondingSourceObject: {fileID: 0}
  m_PrefabInstance: {fileID: 0}
  m_PrefabAsset: {fileID: 0}
  m_GameObject: {fileID: 4603623762493074213}
  serializedVersion: 2
  m_LocalRotation: {x: 0, y: 0, z: 0, w: 1}
  m_LocalPosition: {x: 0, y: 0, z: 0}
  m_LocalScale: {x: 1, y: 1, z: 1}
  m_ConstrainProportionsScale: 0
  m_Children:
  - {fileID: 3937119045555959581}
  - {fileID: 8691776291574561764}
  m_Father: {fileID: 0}
  m_LocalEulerAnglesHint: {x: 0, y: 0, z: 0}
--- !u!143 &7277995101973555250
CharacterController:
  m_ObjectHideFlags: 0
  m_CorrespondingSourceObject: {fileID: 0}
  m_PrefabInstance: {fileID: 0}
  m_PrefabAsset: {fileID: 0}
  m_GameObject: {fileID: 4603623762493074213}
  m_Material: {fileID: 0}
  m_IncludeLayers:
    serializedVersion: 2
    m_Bits: 0
  m_ExcludeLayers:
    serializedVersion: 2
    m_Bits: 0
  m_LayerOverridePriority: 0
  m_IsTrigger: 0
  m_ProvidesContacts: 0
  m_Enabled: 1
  serializedVersion: 3
  m_Height: 2
  m_Radius: 0.2
  m_SlopeLimit: 45
  m_StepOffset: 0.3
  m_SkinWidth: 0.08
  m_MinMoveDistance: 0.001
  m_Center: {x: 0, y: 0, z: 0}
--- !u!114 &841708233836240958
MonoBehaviour:
  m_ObjectHideFlags: 0
  m_CorrespondingSourceObject: {fileID: 0}
  m_PrefabInstance: {fileID: 0}
  m_PrefabAsset: {fileID: 0}
  m_GameObject: {fileID: 4603623762493074213}
  m_Enabled: 1
  m_EditorHideFlags: 0
  m_Script: {fileID: 11500000, guid: 8bf46f559bfbba74e8d3c107eaff5ba8, type: 3}
  m_Name: 
  m_EditorClassIdentifier: 
  m_SpringObjectPrefab: {fileID: 5648814405138265479, guid: 22488b0496f24994797e593d2217b337,
    type: 3}
  m_MaxHp: 100
  m_MaxStamina: 200
--- !u!114 &3000542199463994483
MonoBehaviour:
  m_ObjectHideFlags: 0
  m_CorrespondingSourceObject: {fileID: 0}
  m_PrefabInstance: {fileID: 0}
  m_PrefabAsset: {fileID: 0}
  m_GameObject: {fileID: 4603623762493074213}
  m_Enabled: 1
  m_EditorHideFlags: 0
  m_Script: {fileID: 11500000, guid: 07c74cd4c9b00694d9951c604bbd3a60, type: 3}
  m_Name: 
  m_EditorClassIdentifier: 
  m_WalkSpeed: 2
  m_RunSpeed: 6
  m_AccelerationForce: 0.7
  m_BrakingForce: 0.8
  m_YawRotationSpeed: 360
  m_JumpPower: 13
  m_GravityMultiplier: 3.3
  m_MaxFalloffSpeed: -0.5
  m_ExclusionLayer:
    serializedVersion: 2
    m_Bits: 2048
--- !u!114 &8149210672043107497
MonoBehaviour:
  m_ObjectHideFlags: 0
  m_CorrespondingSourceObject: {fileID: 0}
  m_PrefabInstance: {fileID: 0}
  m_PrefabAsset: {fileID: 0}
  m_GameObject: {fileID: 4603623762493074213}
  m_Enabled: 1
  m_EditorHideFlags: 0
  m_Script: {fileID: 11500000, guid: 9b092b6f1269b3a43aab8f8c55be5230, type: 3}
  m_Name: 
  m_EditorClassIdentifier: 
  m_WeaponTransform: {fileID: 3937119045555959581}
  m_WeaponBackSocket: {fileID: 5412950994176731313}
  m_WeaponHandSocket: {fileID: 4460200471891923080}
  m_WeaponAttackAreaStart: {fileID: 705072742743911894}
  m_WeaponAttackAreaEnd: {fileID: 4526205052910056594}
  m_EnemyLayer:
    serializedVersion: 2
    m_Bits: 1024
--- !u!114 &-5008291612404942137
MonoBehaviour:
  m_ObjectHideFlags: 0
  m_CorrespondingSourceObject: {fileID: 0}
  m_PrefabInstance: {fileID: 0}
  m_PrefabAsset: {fileID: 0}
  m_GameObject: {fileID: 4603623762493074213}
  m_Enabled: 1
  m_EditorHideFlags: 0
  m_Script: {fileID: 11500000, guid: 2e3900a94e101b042af0815862868bf9, type: 3}
  m_Name: 
  m_EditorClassIdentifier: 
--- !u!1 &4998017350237057104
GameObject:
  m_ObjectHideFlags: 0
  m_CorrespondingSourceObject: {fileID: 0}
  m_PrefabInstance: {fileID: 0}
  m_PrefabAsset: {fileID: 0}
  serializedVersion: 6
  m_Component:
  - component: {fileID: 705072742743911894}
  m_Layer: 11
  m_Name: Socket_Axe_Start
  m_TagString: Untagged
  m_Icon: {fileID: 7148428337604731935, guid: 0000000000000000d000000000000000, type: 0}
  m_NavMeshLayer: 0
  m_StaticEditorFlags: 0
  m_IsActive: 1
--- !u!4 &705072742743911894
Transform:
  m_ObjectHideFlags: 0
  m_CorrespondingSourceObject: {fileID: 0}
  m_PrefabInstance: {fileID: 0}
  m_PrefabAsset: {fileID: 0}
  m_GameObject: {fileID: 4998017350237057104}
  serializedVersion: 2
  m_LocalRotation: {x: 0, y: 0, z: 0, w: 1}
  m_LocalPosition: {x: 0, y: -0.396, z: 0}
  m_LocalScale: {x: 1, y: 1, z: 1}
  m_ConstrainProportionsScale: 0
  m_Children: []
  m_Father: {fileID: 3937119045555959581}
  m_LocalEulerAnglesHint: {x: 0, y: 0, z: 0}
--- !u!1001 &1761864198671811526
PrefabInstance:
  m_ObjectHideFlags: 0
  serializedVersion: 2
  m_Modification:
    serializedVersion: 3
    m_TransformParent: {fileID: 3695231423065847699}
    m_Modifications:
    - target: {fileID: 223709068468517451, guid: 833d0cf12219de4498aa784b162b0eb7,
        type: 3}
      propertyPath: m_Layer
      value: 11
      objectReference: {fileID: 0}
    - target: {fileID: 1285448429436825677, guid: 833d0cf12219de4498aa784b162b0eb7,
        type: 3}
      propertyPath: m_Layer
      value: 11
      objectReference: {fileID: 0}
    - target: {fileID: 1768589836585830088, guid: 833d0cf12219de4498aa784b162b0eb7,
        type: 3}
      propertyPath: m_Name
      value: SK_BattleAxe
      objectReference: {fileID: 0}
    - target: {fileID: 1768589836585830088, guid: 833d0cf12219de4498aa784b162b0eb7,
        type: 3}
      propertyPath: m_Layer
      value: 11
      objectReference: {fileID: 0}
    - target: {fileID: 1768589836585830088, guid: 833d0cf12219de4498aa784b162b0eb7,
        type: 3}
      propertyPath: m_IsActive
      value: 1
      objectReference: {fileID: 0}
    - target: {fileID: 3373216800841299163, guid: 833d0cf12219de4498aa784b162b0eb7,
        type: 3}
      propertyPath: m_LocalPosition.x
      value: 0
      objectReference: {fileID: 0}
    - target: {fileID: 3373216800841299163, guid: 833d0cf12219de4498aa784b162b0eb7,
        type: 3}
      propertyPath: m_LocalPosition.y
      value: 0
      objectReference: {fileID: 0}
    - target: {fileID: 3373216800841299163, guid: 833d0cf12219de4498aa784b162b0eb7,
        type: 3}
      propertyPath: m_LocalPosition.z
      value: 0
      objectReference: {fileID: 0}
    - target: {fileID: 3373216800841299163, guid: 833d0cf12219de4498aa784b162b0eb7,
        type: 3}
      propertyPath: m_LocalRotation.w
      value: 1
      objectReference: {fileID: 0}
    - target: {fileID: 3373216800841299163, guid: 833d0cf12219de4498aa784b162b0eb7,
        type: 3}
      propertyPath: m_LocalRotation.x
      value: -0
      objectReference: {fileID: 0}
    - target: {fileID: 3373216800841299163, guid: 833d0cf12219de4498aa784b162b0eb7,
        type: 3}
      propertyPath: m_LocalRotation.y
      value: -0
      objectReference: {fileID: 0}
    - target: {fileID: 3373216800841299163, guid: 833d0cf12219de4498aa784b162b0eb7,
        type: 3}
      propertyPath: m_LocalRotation.z
      value: -0
      objectReference: {fileID: 0}
    - target: {fileID: 3373216800841299163, guid: 833d0cf12219de4498aa784b162b0eb7,
        type: 3}
      propertyPath: m_LocalEulerAnglesHint.x
      value: 0
      objectReference: {fileID: 0}
    - target: {fileID: 3373216800841299163, guid: 833d0cf12219de4498aa784b162b0eb7,
        type: 3}
      propertyPath: m_LocalEulerAnglesHint.y
      value: 0
      objectReference: {fileID: 0}
    - target: {fileID: 3373216800841299163, guid: 833d0cf12219de4498aa784b162b0eb7,
        type: 3}
      propertyPath: m_LocalEulerAnglesHint.z
      value: 0
      objectReference: {fileID: 0}
    - target: {fileID: 3649289426022654261, guid: 833d0cf12219de4498aa784b162b0eb7,
        type: 3}
      propertyPath: m_Layer
      value: 11
      objectReference: {fileID: 0}
    - target: {fileID: 4319462477334131179, guid: 833d0cf12219de4498aa784b162b0eb7,
        type: 3}
      propertyPath: m_Layer
      value: 11
      objectReference: {fileID: 0}
    m_RemovedComponents: []
    m_RemovedGameObjects: []
    m_AddedGameObjects:
    - targetCorrespondingSourceObject: {fileID: 3373216800841299163, guid: 833d0cf12219de4498aa784b162b0eb7,
        type: 3}
      insertIndex: -1
      addedObject: {fileID: 705072742743911894}
    - targetCorrespondingSourceObject: {fileID: 3373216800841299163, guid: 833d0cf12219de4498aa784b162b0eb7,
        type: 3}
      insertIndex: -1
      addedObject: {fileID: 4526205052910056594}
    m_AddedComponents: []
  m_SourcePrefab: {fileID: 100100000, guid: 833d0cf12219de4498aa784b162b0eb7, type: 3}
--- !u!4 &3937119045555959581 stripped
Transform:
  m_CorrespondingSourceObject: {fileID: 3373216800841299163, guid: 833d0cf12219de4498aa784b162b0eb7,
    type: 3}
  m_PrefabInstance: {fileID: 1761864198671811526}
  m_PrefabAsset: {fileID: 0}
--- !u!1001 &2364861914304979108
PrefabInstance:
  m_ObjectHideFlags: 0
  serializedVersion: 2
  m_Modification:
    serializedVersion: 3
    m_TransformParent: {fileID: 3695231423065847699}
    m_Modifications:
    - target: {fileID: 56520805927401894, guid: 1dc471df12940c445bc5d3cc98e9b6b1,
        type: 3}
      propertyPath: m_Layer
      value: 11
      objectReference: {fileID: 0}
    - target: {fileID: 145427049849832453, guid: 1dc471df12940c445bc5d3cc98e9b6b1,
        type: 3}
      propertyPath: m_Layer
      value: 11
      objectReference: {fileID: 0}
    - target: {fileID: 175811716127982122, guid: 1dc471df12940c445bc5d3cc98e9b6b1,
        type: 3}
      propertyPath: m_Layer
      value: 11
      objectReference: {fileID: 0}
    - target: {fileID: 184241500553484493, guid: 1dc471df12940c445bc5d3cc98e9b6b1,
        type: 3}
      propertyPath: m_Layer
      value: 11
      objectReference: {fileID: 0}
    - target: {fileID: 214979945019947055, guid: 1dc471df12940c445bc5d3cc98e9b6b1,
        type: 3}
      propertyPath: m_Layer
      value: 11
      objectReference: {fileID: 0}
    - target: {fileID: 268477749474652162, guid: 1dc471df12940c445bc5d3cc98e9b6b1,
        type: 3}
      propertyPath: m_Layer
      value: 11
      objectReference: {fileID: 0}
    - target: {fileID: 272666873670569965, guid: 1dc471df12940c445bc5d3cc98e9b6b1,
        type: 3}
      propertyPath: m_Layer
      value: 11
      objectReference: {fileID: 0}
    - target: {fileID: 350926825021435616, guid: 1dc471df12940c445bc5d3cc98e9b6b1,
        type: 3}
      propertyPath: m_Layer
      value: 11
      objectReference: {fileID: 0}
    - target: {fileID: 497594920394810891, guid: 1dc471df12940c445bc5d3cc98e9b6b1,
        type: 3}
      propertyPath: m_Layer
      value: 11
      objectReference: {fileID: 0}
    - target: {fileID: 524281659235647585, guid: 1dc471df12940c445bc5d3cc98e9b6b1,
        type: 3}
      propertyPath: m_Layer
      value: 11
      objectReference: {fileID: 0}
    - target: {fileID: 552003640120786990, guid: 1dc471df12940c445bc5d3cc98e9b6b1,
        type: 3}
      propertyPath: m_Layer
      value: 11
      objectReference: {fileID: 0}
    - target: {fileID: 621260404651656096, guid: 1dc471df12940c445bc5d3cc98e9b6b1,
        type: 3}
      propertyPath: m_Layer
      value: 11
      objectReference: {fileID: 0}
    - target: {fileID: 691806662752553046, guid: 1dc471df12940c445bc5d3cc98e9b6b1,
        type: 3}
      propertyPath: m_Layer
      value: 11
      objectReference: {fileID: 0}
    - target: {fileID: 772170476693398050, guid: 1dc471df12940c445bc5d3cc98e9b6b1,
        type: 3}
      propertyPath: m_Layer
      value: 11
      objectReference: {fileID: 0}
    - target: {fileID: 913674917285129439, guid: 1dc471df12940c445bc5d3cc98e9b6b1,
        type: 3}
      propertyPath: m_Layer
      value: 11
      objectReference: {fileID: 0}
    - target: {fileID: 936135043862842215, guid: 1dc471df12940c445bc5d3cc98e9b6b1,
        type: 3}
      propertyPath: m_Layer
      value: 11
      objectReference: {fileID: 0}
    - target: {fileID: 955000847270591513, guid: 1dc471df12940c445bc5d3cc98e9b6b1,
        type: 3}
      propertyPath: m_Layer
      value: 11
      objectReference: {fileID: 0}
    - target: {fileID: 990473815536014027, guid: 1dc471df12940c445bc5d3cc98e9b6b1,
        type: 3}
      propertyPath: m_Layer
      value: 11
      objectReference: {fileID: 0}
    - target: {fileID: 1058070694427738645, guid: 1dc471df12940c445bc5d3cc98e9b6b1,
        type: 3}
      propertyPath: m_Layer
      value: 11
      objectReference: {fileID: 0}
    - target: {fileID: 1080827028430579175, guid: 1dc471df12940c445bc5d3cc98e9b6b1,
        type: 3}
      propertyPath: m_Layer
      value: 11
      objectReference: {fileID: 0}
    - target: {fileID: 1178772923386232793, guid: 1dc471df12940c445bc5d3cc98e9b6b1,
        type: 3}
      propertyPath: m_Layer
      value: 11
      objectReference: {fileID: 0}
    - target: {fileID: 1252519590123664243, guid: 1dc471df12940c445bc5d3cc98e9b6b1,
        type: 3}
      propertyPath: m_Layer
      value: 11
      objectReference: {fileID: 0}
    - target: {fileID: 1360938579070351540, guid: 1dc471df12940c445bc5d3cc98e9b6b1,
        type: 3}
      propertyPath: m_Layer
      value: 11
      objectReference: {fileID: 0}
    - target: {fileID: 1534164878948382664, guid: 1dc471df12940c445bc5d3cc98e9b6b1,
        type: 3}
      propertyPath: m_Layer
      value: 11
      objectReference: {fileID: 0}
    - target: {fileID: 1551886794644918668, guid: 1dc471df12940c445bc5d3cc98e9b6b1,
        type: 3}
      propertyPath: m_Layer
      value: 11
      objectReference: {fileID: 0}
    - target: {fileID: 1584868442685759144, guid: 1dc471df12940c445bc5d3cc98e9b6b1,
        type: 3}
      propertyPath: m_Layer
      value: 11
      objectReference: {fileID: 0}
    - target: {fileID: 1705667171001227896, guid: 1dc471df12940c445bc5d3cc98e9b6b1,
        type: 3}
      propertyPath: m_Layer
      value: 11
      objectReference: {fileID: 0}
    - target: {fileID: 1726210326872970372, guid: 1dc471df12940c445bc5d3cc98e9b6b1,
        type: 3}
      propertyPath: m_Layer
      value: 11
      objectReference: {fileID: 0}
    - target: {fileID: 1736946475946653968, guid: 1dc471df12940c445bc5d3cc98e9b6b1,
        type: 3}
      propertyPath: m_Layer
      value: 11
      objectReference: {fileID: 0}
    - target: {fileID: 1773710292004473765, guid: 1dc471df12940c445bc5d3cc98e9b6b1,
        type: 3}
      propertyPath: m_Layer
      value: 11
      objectReference: {fileID: 0}
    - target: {fileID: 1796861508960516952, guid: 1dc471df12940c445bc5d3cc98e9b6b1,
        type: 3}
      propertyPath: m_Layer
      value: 11
      objectReference: {fileID: 0}
    - target: {fileID: 1829228787913270584, guid: 1dc471df12940c445bc5d3cc98e9b6b1,
        type: 3}
      propertyPath: m_Layer
      value: 11
      objectReference: {fileID: 0}
    - target: {fileID: 1831716173345298754, guid: 1dc471df12940c445bc5d3cc98e9b6b1,
        type: 3}
      propertyPath: m_Layer
      value: 11
      objectReference: {fileID: 0}
    - target: {fileID: 1836533970258467491, guid: 1dc471df12940c445bc5d3cc98e9b6b1,
        type: 3}
      propertyPath: m_Layer
      value: 11
      objectReference: {fileID: 0}
    - target: {fileID: 1871411724950217586, guid: 1dc471df12940c445bc5d3cc98e9b6b1,
        type: 3}
      propertyPath: m_Layer
      value: 11
      objectReference: {fileID: 0}
    - target: {fileID: 1913168702141426889, guid: 1dc471df12940c445bc5d3cc98e9b6b1,
        type: 3}
      propertyPath: m_Layer
      value: 11
      objectReference: {fileID: 0}
    - target: {fileID: 2025983440017158863, guid: 1dc471df12940c445bc5d3cc98e9b6b1,
        type: 3}
      propertyPath: m_Layer
      value: 11
      objectReference: {fileID: 0}
    - target: {fileID: 2082413761306311070, guid: 1dc471df12940c445bc5d3cc98e9b6b1,
        type: 3}
      propertyPath: m_Layer
      value: 11
      objectReference: {fileID: 0}
    - target: {fileID: 2104445271530958895, guid: 1dc471df12940c445bc5d3cc98e9b6b1,
        type: 3}
      propertyPath: m_Name
      value: WEAPON_SOCKET_Equip
      objectReference: {fileID: 0}
    - target: {fileID: 2104445271530958895, guid: 1dc471df12940c445bc5d3cc98e9b6b1,
        type: 3}
      propertyPath: m_Layer
      value: 11
      objectReference: {fileID: 0}
    - target: {fileID: 2104445271530958895, guid: 1dc471df12940c445bc5d3cc98e9b6b1,
        type: 3}
      propertyPath: m_IsActive
      value: 1
      objectReference: {fileID: 0}
    - target: {fileID: 2129366032155885390, guid: 1dc471df12940c445bc5d3cc98e9b6b1,
        type: 3}
      propertyPath: m_Layer
      value: 11
      objectReference: {fileID: 0}
    - target: {fileID: 2151718417590882601, guid: 1dc471df12940c445bc5d3cc98e9b6b1,
        type: 3}
      propertyPath: m_AABB.m_Center.x
      value: NaN
      objectReference: {fileID: 0}
    - target: {fileID: 2151718417590882601, guid: 1dc471df12940c445bc5d3cc98e9b6b1,
        type: 3}
      propertyPath: m_AABB.m_Center.y
      value: NaN
      objectReference: {fileID: 0}
    - target: {fileID: 2151718417590882601, guid: 1dc471df12940c445bc5d3cc98e9b6b1,
        type: 3}
      propertyPath: m_AABB.m_Center.z
      value: NaN
      objectReference: {fileID: 0}
    - target: {fileID: 2151718417590882601, guid: 1dc471df12940c445bc5d3cc98e9b6b1,
        type: 3}
      propertyPath: m_AABB.m_Extent.x
      value: NaN
      objectReference: {fileID: 0}
    - target: {fileID: 2151718417590882601, guid: 1dc471df12940c445bc5d3cc98e9b6b1,
        type: 3}
      propertyPath: m_AABB.m_Extent.y
      value: NaN
      objectReference: {fileID: 0}
    - target: {fileID: 2151718417590882601, guid: 1dc471df12940c445bc5d3cc98e9b6b1,
        type: 3}
      propertyPath: m_AABB.m_Extent.z
      value: NaN
      objectReference: {fileID: 0}
    - target: {fileID: 2176215314770397310, guid: 1dc471df12940c445bc5d3cc98e9b6b1,
        type: 3}
      propertyPath: m_Layer
      value: 11
      objectReference: {fileID: 0}
    - target: {fileID: 2244293029664101909, guid: 1dc471df12940c445bc5d3cc98e9b6b1,
        type: 3}
      propertyPath: m_Layer
      value: 11
      objectReference: {fileID: 0}
    - target: {fileID: 2254282943990029902, guid: 1dc471df12940c445bc5d3cc98e9b6b1,
        type: 3}
      propertyPath: m_Layer
      value: 11
      objectReference: {fileID: 0}
    - target: {fileID: 2347045441246964449, guid: 1dc471df12940c445bc5d3cc98e9b6b1,
        type: 3}
      propertyPath: m_Layer
      value: 11
      objectReference: {fileID: 0}
    - target: {fileID: 2451540410684510684, guid: 1dc471df12940c445bc5d3cc98e9b6b1,
        type: 3}
      propertyPath: m_Layer
      value: 11
      objectReference: {fileID: 0}
    - target: {fileID: 2608854269326879978, guid: 1dc471df12940c445bc5d3cc98e9b6b1,
        type: 3}
      propertyPath: m_Layer
      value: 11
      objectReference: {fileID: 0}
    - target: {fileID: 2706732116452654754, guid: 1dc471df12940c445bc5d3cc98e9b6b1,
        type: 3}
      propertyPath: m_Layer
      value: 11
      objectReference: {fileID: 0}
    - target: {fileID: 2720560549119270523, guid: 1dc471df12940c445bc5d3cc98e9b6b1,
        type: 3}
      propertyPath: m_Layer
      value: 11
      objectReference: {fileID: 0}
    - target: {fileID: 2729615462051392793, guid: 1dc471df12940c445bc5d3cc98e9b6b1,
        type: 3}
      propertyPath: m_Layer
      value: 11
      objectReference: {fileID: 0}
    - target: {fileID: 2777474183984679867, guid: 1dc471df12940c445bc5d3cc98e9b6b1,
        type: 3}
      propertyPath: m_Layer
      value: 11
      objectReference: {fileID: 0}
    - target: {fileID: 2863364639621412478, guid: 1dc471df12940c445bc5d3cc98e9b6b1,
        type: 3}
      propertyPath: m_Layer
      value: 11
      objectReference: {fileID: 0}
    - target: {fileID: 2987240019737744434, guid: 1dc471df12940c445bc5d3cc98e9b6b1,
        type: 3}
      propertyPath: m_Layer
      value: 11
      objectReference: {fileID: 0}
    - target: {fileID: 3120588528305990448, guid: 1dc471df12940c445bc5d3cc98e9b6b1,
        type: 3}
      propertyPath: m_Layer
      value: 11
      objectReference: {fileID: 0}
    - target: {fileID: 3126785344266806527, guid: 1dc471df12940c445bc5d3cc98e9b6b1,
        type: 3}
      propertyPath: m_Layer
      value: 11
      objectReference: {fileID: 0}
    - target: {fileID: 3140008371754140497, guid: 1dc471df12940c445bc5d3cc98e9b6b1,
        type: 3}
      propertyPath: m_Layer
      value: 11
      objectReference: {fileID: 0}
    - target: {fileID: 3165546500871862852, guid: 1dc471df12940c445bc5d3cc98e9b6b1,
        type: 3}
      propertyPath: m_Layer
      value: 11
      objectReference: {fileID: 0}
    - target: {fileID: 3296985825315085242, guid: 1dc471df12940c445bc5d3cc98e9b6b1,
        type: 3}
      propertyPath: m_Layer
      value: 11
      objectReference: {fileID: 0}
    - target: {fileID: 3297942007660602142, guid: 1dc471df12940c445bc5d3cc98e9b6b1,
        type: 3}
      propertyPath: m_Layer
      value: 11
      objectReference: {fileID: 0}
    - target: {fileID: 3407782480007274242, guid: 1dc471df12940c445bc5d3cc98e9b6b1,
        type: 3}
      propertyPath: m_Layer
      value: 11
      objectReference: {fileID: 0}
    - target: {fileID: 3487254702536787204, guid: 1dc471df12940c445bc5d3cc98e9b6b1,
        type: 3}
      propertyPath: m_Layer
      value: 11
      objectReference: {fileID: 0}
    - target: {fileID: 3594070333654167012, guid: 1dc471df12940c445bc5d3cc98e9b6b1,
        type: 3}
      propertyPath: m_Layer
      value: 11
      objectReference: {fileID: 0}
    - target: {fileID: 3613504569231512916, guid: 1dc471df12940c445bc5d3cc98e9b6b1,
        type: 3}
      propertyPath: m_Layer
      value: 11
      objectReference: {fileID: 0}
    - target: {fileID: 3677178686737196154, guid: 1dc471df12940c445bc5d3cc98e9b6b1,
        type: 3}
      propertyPath: m_Layer
      value: 11
      objectReference: {fileID: 0}
    - target: {fileID: 3690858698889058719, guid: 1dc471df12940c445bc5d3cc98e9b6b1,
        type: 3}
      propertyPath: m_Layer
      value: 11
      objectReference: {fileID: 0}
    - target: {fileID: 3769870961110156938, guid: 1dc471df12940c445bc5d3cc98e9b6b1,
        type: 3}
      propertyPath: m_Layer
      value: 11
      objectReference: {fileID: 0}
    - target: {fileID: 3888111742759690694, guid: 1dc471df12940c445bc5d3cc98e9b6b1,
        type: 3}
      propertyPath: m_Layer
      value: 11
      objectReference: {fileID: 0}
    - target: {fileID: 3890127306089096417, guid: 1dc471df12940c445bc5d3cc98e9b6b1,
        type: 3}
      propertyPath: m_Layer
      value: 11
      objectReference: {fileID: 0}
    - target: {fileID: 3996061354463242111, guid: 1dc471df12940c445bc5d3cc98e9b6b1,
        type: 3}
      propertyPath: m_Layer
      value: 11
      objectReference: {fileID: 0}
    - target: {fileID: 4031429452430275350, guid: 1dc471df12940c445bc5d3cc98e9b6b1,
        type: 3}
      propertyPath: m_Layer
      value: 11
      objectReference: {fileID: 0}
    - target: {fileID: 4167233560640394201, guid: 1dc471df12940c445bc5d3cc98e9b6b1,
        type: 3}
      propertyPath: m_Layer
      value: 11
      objectReference: {fileID: 0}
    - target: {fileID: 4267209030184409344, guid: 1dc471df12940c445bc5d3cc98e9b6b1,
        type: 3}
      propertyPath: m_Layer
      value: 11
      objectReference: {fileID: 0}
    - target: {fileID: 4299154886541042815, guid: 1dc471df12940c445bc5d3cc98e9b6b1,
        type: 3}
      propertyPath: m_Layer
      value: 11
      objectReference: {fileID: 0}
    - target: {fileID: 4394672818936487422, guid: 1dc471df12940c445bc5d3cc98e9b6b1,
        type: 3}
      propertyPath: m_Layer
      value: 11
      objectReference: {fileID: 0}
    - target: {fileID: 4446285268943074086, guid: 1dc471df12940c445bc5d3cc98e9b6b1,
        type: 3}
      propertyPath: m_Layer
      value: 11
      objectReference: {fileID: 0}
    - target: {fileID: 4501920501417987846, guid: 1dc471df12940c445bc5d3cc98e9b6b1,
        type: 3}
      propertyPath: m_Layer
      value: 11
      objectReference: {fileID: 0}
    - target: {fileID: 4647262353773574367, guid: 1dc471df12940c445bc5d3cc98e9b6b1,
        type: 3}
      propertyPath: m_Layer
      value: 11
      objectReference: {fileID: 0}
    - target: {fileID: 4818911027183911951, guid: 1dc471df12940c445bc5d3cc98e9b6b1,
        type: 3}
      propertyPath: m_Layer
      value: 11
      objectReference: {fileID: 0}
    - target: {fileID: 4867837250853351801, guid: 1dc471df12940c445bc5d3cc98e9b6b1,
        type: 3}
      propertyPath: m_Layer
      value: 11
      objectReference: {fileID: 0}
    - target: {fileID: 4939067646634462333, guid: 1dc471df12940c445bc5d3cc98e9b6b1,
        type: 3}
      propertyPath: m_Layer
      value: 11
      objectReference: {fileID: 0}
    - target: {fileID: 4959724046570975291, guid: 1dc471df12940c445bc5d3cc98e9b6b1,
        type: 3}
      propertyPath: m_Layer
      value: 11
      objectReference: {fileID: 0}
    - target: {fileID: 5014142484861163221, guid: 1dc471df12940c445bc5d3cc98e9b6b1,
        type: 3}
      propertyPath: m_Layer
      value: 11
      objectReference: {fileID: 0}
    - target: {fileID: 5090151541323357653, guid: 1dc471df12940c445bc5d3cc98e9b6b1,
        type: 3}
      propertyPath: m_Layer
      value: 11
      objectReference: {fileID: 0}
    - target: {fileID: 5111050209187975858, guid: 1dc471df12940c445bc5d3cc98e9b6b1,
        type: 3}
      propertyPath: m_Layer
      value: 11
      objectReference: {fileID: 0}
    - target: {fileID: 5134080434702385183, guid: 1dc471df12940c445bc5d3cc98e9b6b1,
        type: 3}
      propertyPath: m_Layer
      value: 11
      objectReference: {fileID: 0}
    - target: {fileID: 5147128817911172283, guid: 1dc471df12940c445bc5d3cc98e9b6b1,
        type: 3}
      propertyPath: m_Layer
      value: 11
      objectReference: {fileID: 0}
    - target: {fileID: 5172730095101689083, guid: 1dc471df12940c445bc5d3cc98e9b6b1,
        type: 3}
      propertyPath: m_Layer
      value: 11
      objectReference: {fileID: 0}
    - target: {fileID: 5284288893124279530, guid: 1dc471df12940c445bc5d3cc98e9b6b1,
        type: 3}
      propertyPath: m_Layer
      value: 11
      objectReference: {fileID: 0}
    - target: {fileID: 5288762073441902590, guid: 1dc471df12940c445bc5d3cc98e9b6b1,
        type: 3}
      propertyPath: m_Layer
      value: 11
      objectReference: {fileID: 0}
    - target: {fileID: 5340296576763706230, guid: 1dc471df12940c445bc5d3cc98e9b6b1,
        type: 3}
      propertyPath: m_Layer
      value: 11
      objectReference: {fileID: 0}
    - target: {fileID: 5470870130740555948, guid: 1dc471df12940c445bc5d3cc98e9b6b1,
        type: 3}
      propertyPath: m_Layer
      value: 11
      objectReference: {fileID: 0}
    - target: {fileID: 5529556365431626991, guid: 1dc471df12940c445bc5d3cc98e9b6b1,
        type: 3}
      propertyPath: m_Layer
      value: 11
      objectReference: {fileID: 0}
    - target: {fileID: 5549065756352391289, guid: 1dc471df12940c445bc5d3cc98e9b6b1,
        type: 3}
      propertyPath: m_Layer
      value: 11
      objectReference: {fileID: 0}
    - target: {fileID: 5684947361890109127, guid: 1dc471df12940c445bc5d3cc98e9b6b1,
        type: 3}
      propertyPath: m_Layer
      value: 11
      objectReference: {fileID: 0}
    - target: {fileID: 5691502611749640471, guid: 1dc471df12940c445bc5d3cc98e9b6b1,
        type: 3}
      propertyPath: m_Layer
      value: 11
      objectReference: {fileID: 0}
    - target: {fileID: 5874688882713892922, guid: 1dc471df12940c445bc5d3cc98e9b6b1,
        type: 3}
      propertyPath: m_Layer
      value: 11
      objectReference: {fileID: 0}
    - target: {fileID: 5880500662689051340, guid: 1dc471df12940c445bc5d3cc98e9b6b1,
        type: 3}
      propertyPath: m_Layer
      value: 11
      objectReference: {fileID: 0}
    - target: {fileID: 5920246552484814371, guid: 1dc471df12940c445bc5d3cc98e9b6b1,
        type: 3}
      propertyPath: m_Layer
      value: 11
      objectReference: {fileID: 0}
    - target: {fileID: 5936921112557548637, guid: 1dc471df12940c445bc5d3cc98e9b6b1,
        type: 3}
      propertyPath: m_Layer
      value: 11
      objectReference: {fileID: 0}
    - target: {fileID: 6043768399006324269, guid: 1dc471df12940c445bc5d3cc98e9b6b1,
        type: 3}
      propertyPath: m_Layer
      value: 11
      objectReference: {fileID: 0}
    - target: {fileID: 6125136714264635552, guid: 1dc471df12940c445bc5d3cc98e9b6b1,
        type: 3}
      propertyPath: m_Layer
      value: 11
      objectReference: {fileID: 0}
    - target: {fileID: 6163355489193518463, guid: 1dc471df12940c445bc5d3cc98e9b6b1,
        type: 3}
      propertyPath: m_Layer
      value: 11
      objectReference: {fileID: 0}
    - target: {fileID: 6206178915673583901, guid: 1dc471df12940c445bc5d3cc98e9b6b1,
        type: 3}
      propertyPath: m_Layer
      value: 11
      objectReference: {fileID: 0}
    - target: {fileID: 6271744198700905936, guid: 1dc471df12940c445bc5d3cc98e9b6b1,
        type: 3}
      propertyPath: m_Layer
      value: 11
      objectReference: {fileID: 0}
    - target: {fileID: 6291164886078424505, guid: 1dc471df12940c445bc5d3cc98e9b6b1,
        type: 3}
      propertyPath: m_Layer
      value: 11
      objectReference: {fileID: 0}
    - target: {fileID: 6296618652167641488, guid: 1dc471df12940c445bc5d3cc98e9b6b1,
        type: 3}
      propertyPath: m_Layer
      value: 11
      objectReference: {fileID: 0}
    - target: {fileID: 6363244453645851456, guid: 1dc471df12940c445bc5d3cc98e9b6b1,
        type: 3}
      propertyPath: m_LocalPosition.x
      value: 0
      objectReference: {fileID: 0}
    - target: {fileID: 6363244453645851456, guid: 1dc471df12940c445bc5d3cc98e9b6b1,
        type: 3}
      propertyPath: m_LocalPosition.y
      value: -1
      objectReference: {fileID: 0}
    - target: {fileID: 6363244453645851456, guid: 1dc471df12940c445bc5d3cc98e9b6b1,
        type: 3}
      propertyPath: m_LocalPosition.z
      value: 0
      objectReference: {fileID: 0}
    - target: {fileID: 6363244453645851456, guid: 1dc471df12940c445bc5d3cc98e9b6b1,
        type: 3}
      propertyPath: m_LocalRotation.w
      value: 1
      objectReference: {fileID: 0}
    - target: {fileID: 6363244453645851456, guid: 1dc471df12940c445bc5d3cc98e9b6b1,
        type: 3}
      propertyPath: m_LocalRotation.x
      value: 0
      objectReference: {fileID: 0}
    - target: {fileID: 6363244453645851456, guid: 1dc471df12940c445bc5d3cc98e9b6b1,
        type: 3}
      propertyPath: m_LocalRotation.y
      value: 0
      objectReference: {fileID: 0}
    - target: {fileID: 6363244453645851456, guid: 1dc471df12940c445bc5d3cc98e9b6b1,
        type: 3}
      propertyPath: m_LocalRotation.z
      value: 0
      objectReference: {fileID: 0}
    - target: {fileID: 6363244453645851456, guid: 1dc471df12940c445bc5d3cc98e9b6b1,
        type: 3}
      propertyPath: m_LocalEulerAnglesHint.x
      value: 0
      objectReference: {fileID: 0}
    - target: {fileID: 6363244453645851456, guid: 1dc471df12940c445bc5d3cc98e9b6b1,
        type: 3}
      propertyPath: m_LocalEulerAnglesHint.y
      value: 0
      objectReference: {fileID: 0}
    - target: {fileID: 6363244453645851456, guid: 1dc471df12940c445bc5d3cc98e9b6b1,
        type: 3}
      propertyPath: m_LocalEulerAnglesHint.z
      value: 0
      objectReference: {fileID: 0}
    - target: {fileID: 6481928292153784197, guid: 1dc471df12940c445bc5d3cc98e9b6b1,
        type: 3}
      propertyPath: m_Layer
      value: 11
      objectReference: {fileID: 0}
    - target: {fileID: 6506526005873944009, guid: 1dc471df12940c445bc5d3cc98e9b6b1,
        type: 3}
      propertyPath: m_Layer
      value: 11
      objectReference: {fileID: 0}
    - target: {fileID: 6527504628199746902, guid: 1dc471df12940c445bc5d3cc98e9b6b1,
        type: 3}
      propertyPath: m_Layer
      value: 11
      objectReference: {fileID: 0}
    - target: {fileID: 6537755728531480987, guid: 1dc471df12940c445bc5d3cc98e9b6b1,
        type: 3}
      propertyPath: m_Layer
      value: 11
      objectReference: {fileID: 0}
    - target: {fileID: 6581479262455622461, guid: 1dc471df12940c445bc5d3cc98e9b6b1,
        type: 3}
      propertyPath: m_Layer
      value: 11
      objectReference: {fileID: 0}
    - target: {fileID: 6599727661299314104, guid: 1dc471df12940c445bc5d3cc98e9b6b1,
        type: 3}
      propertyPath: m_Layer
      value: 11
      objectReference: {fileID: 0}
    - target: {fileID: 6604385389062236722, guid: 1dc471df12940c445bc5d3cc98e9b6b1,
        type: 3}
      propertyPath: m_Layer
      value: 11
      objectReference: {fileID: 0}
    - target: {fileID: 6692944735517118908, guid: 1dc471df12940c445bc5d3cc98e9b6b1,
        type: 3}
      propertyPath: m_Layer
      value: 11
      objectReference: {fileID: 0}
    - target: {fileID: 6698638748438312452, guid: 1dc471df12940c445bc5d3cc98e9b6b1,
        type: 3}
      propertyPath: m_Layer
      value: 11
      objectReference: {fileID: 0}
    - target: {fileID: 6701008387261688671, guid: 1dc471df12940c445bc5d3cc98e9b6b1,
        type: 3}
      propertyPath: m_Layer
      value: 11
      objectReference: {fileID: 0}
    - target: {fileID: 6708437063535571201, guid: 1dc471df12940c445bc5d3cc98e9b6b1,
        type: 3}
      propertyPath: m_Layer
      value: 11
      objectReference: {fileID: 0}
    - target: {fileID: 6763243993526363964, guid: 1dc471df12940c445bc5d3cc98e9b6b1,
        type: 3}
      propertyPath: m_Layer
      value: 11
      objectReference: {fileID: 0}
    - target: {fileID: 6916987270769506857, guid: 1dc471df12940c445bc5d3cc98e9b6b1,
        type: 3}
      propertyPath: m_Layer
      value: 11
      objectReference: {fileID: 0}
    - target: {fileID: 7094458508844822051, guid: 1dc471df12940c445bc5d3cc98e9b6b1,
        type: 3}
      propertyPath: m_Layer
      value: 11
      objectReference: {fileID: 0}
    - target: {fileID: 7131872572468868798, guid: 1dc471df12940c445bc5d3cc98e9b6b1,
        type: 3}
      propertyPath: m_Layer
      value: 11
      objectReference: {fileID: 0}
    - target: {fileID: 7151799927245818198, guid: 1dc471df12940c445bc5d3cc98e9b6b1,
        type: 3}
      propertyPath: m_Layer
      value: 11
      objectReference: {fileID: 0}
    - target: {fileID: 7201923837680693516, guid: 1dc471df12940c445bc5d3cc98e9b6b1,
        type: 3}
      propertyPath: m_Layer
      value: 11
      objectReference: {fileID: 0}
    - target: {fileID: 7254689252742896090, guid: 1dc471df12940c445bc5d3cc98e9b6b1,
        type: 3}
      propertyPath: m_Layer
      value: 11
      objectReference: {fileID: 0}
    - target: {fileID: 7304593762798346549, guid: 1dc471df12940c445bc5d3cc98e9b6b1,
        type: 3}
      propertyPath: m_Layer
      value: 11
      objectReference: {fileID: 0}
    - target: {fileID: 7342897607419939425, guid: 1dc471df12940c445bc5d3cc98e9b6b1,
        type: 3}
      propertyPath: m_Layer
      value: 11
      objectReference: {fileID: 0}
    - target: {fileID: 7406951334400245301, guid: 1dc471df12940c445bc5d3cc98e9b6b1,
        type: 3}
      propertyPath: m_Layer
      value: 11
      objectReference: {fileID: 0}
    - target: {fileID: 7415177479112269376, guid: 1dc471df12940c445bc5d3cc98e9b6b1,
        type: 3}
      propertyPath: m_Layer
      value: 11
      objectReference: {fileID: 0}
    - target: {fileID: 7440928613675910190, guid: 1dc471df12940c445bc5d3cc98e9b6b1,
        type: 3}
      propertyPath: m_Layer
      value: 11
      objectReference: {fileID: 0}
    - target: {fileID: 7475305292077017007, guid: 1dc471df12940c445bc5d3cc98e9b6b1,
        type: 3}
      propertyPath: m_Layer
      value: 11
      objectReference: {fileID: 0}
    - target: {fileID: 7488984931898171147, guid: 1dc471df12940c445bc5d3cc98e9b6b1,
        type: 3}
      propertyPath: m_Layer
      value: 11
      objectReference: {fileID: 0}
    - target: {fileID: 7693687227562675361, guid: 1dc471df12940c445bc5d3cc98e9b6b1,
        type: 3}
      propertyPath: m_Layer
      value: 11
      objectReference: {fileID: 0}
    - target: {fileID: 7736628556908972137, guid: 1dc471df12940c445bc5d3cc98e9b6b1,
        type: 3}
      propertyPath: m_Layer
      value: 11
      objectReference: {fileID: 0}
    - target: {fileID: 7758145268552402726, guid: 1dc471df12940c445bc5d3cc98e9b6b1,
        type: 3}
      propertyPath: m_Layer
      value: 11
      objectReference: {fileID: 0}
    - target: {fileID: 7863320451378298920, guid: 1dc471df12940c445bc5d3cc98e9b6b1,
        type: 3}
      propertyPath: m_Layer
      value: 11
      objectReference: {fileID: 0}
    - target: {fileID: 7870048748413205638, guid: 1dc471df12940c445bc5d3cc98e9b6b1,
        type: 3}
      propertyPath: m_Layer
      value: 11
      objectReference: {fileID: 0}
    - target: {fileID: 7878635514064411419, guid: 1dc471df12940c445bc5d3cc98e9b6b1,
        type: 3}
      propertyPath: m_Layer
      value: 11
      objectReference: {fileID: 0}
    - target: {fileID: 7922348342567747325, guid: 1dc471df12940c445bc5d3cc98e9b6b1,
        type: 3}
      propertyPath: m_Layer
      value: 11
      objectReference: {fileID: 0}
    - target: {fileID: 7932405494661470000, guid: 1dc471df12940c445bc5d3cc98e9b6b1,
        type: 3}
      propertyPath: m_Layer
      value: 11
      objectReference: {fileID: 0}
    - target: {fileID: 7932405495290128723, guid: 1dc471df12940c445bc5d3cc98e9b6b1,
        type: 3}
      propertyPath: m_Name
      value: Character_Femail
      objectReference: {fileID: 0}
    - target: {fileID: 7932405495290128723, guid: 1dc471df12940c445bc5d3cc98e9b6b1,
        type: 3}
      propertyPath: m_Layer
      value: 11
      objectReference: {fileID: 0}
    - target: {fileID: 7932405495424712558, guid: 1dc471df12940c445bc5d3cc98e9b6b1,
        type: 3}
      propertyPath: m_Layer
      value: 11
      objectReference: {fileID: 0}
    - target: {fileID: 8022058480057047227, guid: 1dc471df12940c445bc5d3cc98e9b6b1,
        type: 3}
      propertyPath: m_Layer
      value: 11
      objectReference: {fileID: 0}
    - target: {fileID: 8040937241612743287, guid: 1dc471df12940c445bc5d3cc98e9b6b1,
        type: 3}
      propertyPath: m_Layer
      value: 11
      objectReference: {fileID: 0}
    - target: {fileID: 8045206607543205832, guid: 1dc471df12940c445bc5d3cc98e9b6b1,
        type: 3}
      propertyPath: m_Layer
      value: 11
      objectReference: {fileID: 0}
    - target: {fileID: 8089731392340552649, guid: 1dc471df12940c445bc5d3cc98e9b6b1,
        type: 3}
      propertyPath: m_Layer
      value: 11
      objectReference: {fileID: 0}
    - target: {fileID: 8115447048751158723, guid: 1dc471df12940c445bc5d3cc98e9b6b1,
        type: 3}
      propertyPath: m_Layer
      value: 11
      objectReference: {fileID: 0}
    - target: {fileID: 8155201121308335641, guid: 1dc471df12940c445bc5d3cc98e9b6b1,
        type: 3}
      propertyPath: m_Layer
      value: 11
      objectReference: {fileID: 0}
    - target: {fileID: 8196332381380760917, guid: 1dc471df12940c445bc5d3cc98e9b6b1,
        type: 3}
      propertyPath: m_Layer
      value: 11
      objectReference: {fileID: 0}
    - target: {fileID: 8229679010830770749, guid: 1dc471df12940c445bc5d3cc98e9b6b1,
        type: 3}
      propertyPath: m_Layer
      value: 11
      objectReference: {fileID: 0}
    - target: {fileID: 8260766330190797732, guid: 1dc471df12940c445bc5d3cc98e9b6b1,
        type: 3}
      propertyPath: m_AABB.m_Center.x
      value: NaN
      objectReference: {fileID: 0}
    - target: {fileID: 8260766330190797732, guid: 1dc471df12940c445bc5d3cc98e9b6b1,
        type: 3}
      propertyPath: m_AABB.m_Center.y
      value: NaN
      objectReference: {fileID: 0}
    - target: {fileID: 8260766330190797732, guid: 1dc471df12940c445bc5d3cc98e9b6b1,
        type: 3}
      propertyPath: m_AABB.m_Center.z
      value: NaN
      objectReference: {fileID: 0}
    - target: {fileID: 8260766330190797732, guid: 1dc471df12940c445bc5d3cc98e9b6b1,
        type: 3}
      propertyPath: m_AABB.m_Extent.x
      value: NaN
      objectReference: {fileID: 0}
    - target: {fileID: 8260766330190797732, guid: 1dc471df12940c445bc5d3cc98e9b6b1,
        type: 3}
      propertyPath: m_AABB.m_Extent.y
      value: NaN
      objectReference: {fileID: 0}
    - target: {fileID: 8260766330190797732, guid: 1dc471df12940c445bc5d3cc98e9b6b1,
        type: 3}
      propertyPath: m_AABB.m_Extent.z
      value: NaN
      objectReference: {fileID: 0}
    - target: {fileID: 8293783331613932341, guid: 1dc471df12940c445bc5d3cc98e9b6b1,
        type: 3}
      propertyPath: m_Layer
      value: 11
      objectReference: {fileID: 0}
    - target: {fileID: 8328451635804999668, guid: 1dc471df12940c445bc5d3cc98e9b6b1,
        type: 3}
      propertyPath: m_Layer
      value: 11
      objectReference: {fileID: 0}
    - target: {fileID: 8499720070211467341, guid: 1dc471df12940c445bc5d3cc98e9b6b1,
        type: 3}
      propertyPath: m_Layer
      value: 11
      objectReference: {fileID: 0}
    - target: {fileID: 8536868554544573557, guid: 1dc471df12940c445bc5d3cc98e9b6b1,
        type: 3}
      propertyPath: m_Layer
      value: 11
      objectReference: {fileID: 0}
    - target: {fileID: 8543321019889833781, guid: 1dc471df12940c445bc5d3cc98e9b6b1,
        type: 3}
      propertyPath: m_Layer
      value: 11
      objectReference: {fileID: 0}
    - target: {fileID: 8546886335505081740, guid: 1dc471df12940c445bc5d3cc98e9b6b1,
        type: 3}
      propertyPath: m_Layer
      value: 11
      objectReference: {fileID: 0}
    - target: {fileID: 8560591897560229641, guid: 1dc471df12940c445bc5d3cc98e9b6b1,
        type: 3}
      propertyPath: m_Layer
      value: 11
      objectReference: {fileID: 0}
    - target: {fileID: 8587831263484045827, guid: 1dc471df12940c445bc5d3cc98e9b6b1,
        type: 3}
      propertyPath: m_Layer
      value: 11
      objectReference: {fileID: 0}
    - target: {fileID: 8798697694306777743, guid: 1dc471df12940c445bc5d3cc98e9b6b1,
        type: 3}
      propertyPath: m_Layer
      value: 11
      objectReference: {fileID: 0}
    - target: {fileID: 8852064155867146522, guid: 1dc471df12940c445bc5d3cc98e9b6b1,
        type: 3}
      propertyPath: m_Layer
      value: 11
      objectReference: {fileID: 0}
    - target: {fileID: 8853592469179272230, guid: 1dc471df12940c445bc5d3cc98e9b6b1,
        type: 3}
      propertyPath: m_Layer
      value: 11
      objectReference: {fileID: 0}
    - target: {fileID: 8888106725083738627, guid: 1dc471df12940c445bc5d3cc98e9b6b1,
        type: 3}
      propertyPath: m_Layer
      value: 11
      objectReference: {fileID: 0}
    - target: {fileID: 8905275705258209496, guid: 1dc471df12940c445bc5d3cc98e9b6b1,
        type: 3}
      propertyPath: m_Layer
      value: 11
      objectReference: {fileID: 0}
    - target: {fileID: 9077789730487353951, guid: 1dc471df12940c445bc5d3cc98e9b6b1,
        type: 3}
      propertyPath: m_Layer
      value: 11
      objectReference: {fileID: 0}
    - target: {fileID: 9079286744101629795, guid: 1dc471df12940c445bc5d3cc98e9b6b1,
        type: 3}
      propertyPath: m_Layer
      value: 11
      objectReference: {fileID: 0}
    - target: {fileID: 9102851931819164396, guid: 1dc471df12940c445bc5d3cc98e9b6b1,
        type: 3}
      propertyPath: m_Layer
      value: 11
      objectReference: {fileID: 0}
    - target: {fileID: 9111983686653977978, guid: 1dc471df12940c445bc5d3cc98e9b6b1,
        type: 3}
      propertyPath: m_Layer
      value: 11
      objectReference: {fileID: 0}
    - target: {fileID: 9114497945783720143, guid: 1dc471df12940c445bc5d3cc98e9b6b1,
        type: 3}
      propertyPath: m_Layer
      value: 11
      objectReference: {fileID: 0}
    - target: {fileID: 9142110248795698111, guid: 1dc471df12940c445bc5d3cc98e9b6b1,
        type: 3}
      propertyPath: m_Layer
      value: 11
      objectReference: {fileID: 0}
    - target: {fileID: 9150364181688253769, guid: 1dc471df12940c445bc5d3cc98e9b6b1,
        type: 3}
      propertyPath: m_Layer
      value: 11
      objectReference: {fileID: 0}
    - target: {fileID: 9207935586193312965, guid: 1dc471df12940c445bc5d3cc98e9b6b1,
        type: 3}
      propertyPath: m_Layer
      value: 11
      objectReference: {fileID: 0}
    m_RemovedComponents: []
    m_RemovedGameObjects:
    - {fileID: 7932405496569489027, guid: 1dc471df12940c445bc5d3cc98e9b6b1, type: 3}
    m_AddedGameObjects:
    - targetCorrespondingSourceObject: {fileID: 5741459419864728667, guid: 1dc471df12940c445bc5d3cc98e9b6b1,
        type: 3}
      insertIndex: 0
      addedObject: {fileID: 5412950994176731313}
    m_AddedComponents:
    - targetCorrespondingSourceObject: {fileID: 7932405495290128723, guid: 1dc471df12940c445bc5d3cc98e9b6b1,
        type: 3}
      insertIndex: -1
      addedObject: {fileID: 7081834215296935046}
  m_SourcePrefab: {fileID: 100100000, guid: 1dc471df12940c445bc5d3cc98e9b6b1, type: 3}
--- !u!4 &4460200471891923080 stripped
Transform:
  m_CorrespondingSourceObject: {fileID: 2104445271530958892, guid: 1dc471df12940c445bc5d3cc98e9b6b1,
    type: 3}
  m_PrefabInstance: {fileID: 2364861914304979108}
  m_PrefabAsset: {fileID: 0}
--- !u!1 &5675729207559211511 stripped
GameObject:
  m_CorrespondingSourceObject: {fileID: 7932405495290128723, guid: 1dc471df12940c445bc5d3cc98e9b6b1,
    type: 3}
  m_PrefabInstance: {fileID: 2364861914304979108}
  m_PrefabAsset: {fileID: 0}
--- !u!114 &7081834215296935046
MonoBehaviour:
  m_ObjectHideFlags: 0
  m_CorrespondingSourceObject: {fileID: 0}
  m_PrefabInstance: {fileID: 0}
  m_PrefabAsset: {fileID: 0}
  m_GameObject: {fileID: 5675729207559211511}
  m_Enabled: 1
  m_EditorHideFlags: 0
  m_Script: {fileID: 11500000, guid: a23773ed1d005374096d69497c2ba25b, type: 3}
  m_Name: 
  m_EditorClassIdentifier: 
--- !u!4 &8033418489213756671 stripped
Transform:
  m_CorrespondingSourceObject: {fileID: 5741459419864728667, guid: 1dc471df12940c445bc5d3cc98e9b6b1,
    type: 3}
  m_PrefabInstance: {fileID: 2364861914304979108}
  m_PrefabAsset: {fileID: 0}
--- !u!4 &8691776291574561764 stripped
Transform:
  m_CorrespondingSourceObject: {fileID: 6363244453645851456, guid: 1dc471df12940c445bc5d3cc98e9b6b1,
    type: 3}
  m_PrefabInstance: {fileID: 2364861914304979108}
  m_PrefabAsset: {fileID: 0}
